<record><leader>00000cas a2200000 a 4500</leader><controlfield tag="001">35853036</controlfield><controlfield tag="008">961106d187u189umiuwr ne      0    0eng c</controlfield><datafield ind1=" " ind2=" " tag="010"><subfield code="a">sn 96077223 </subfield></datafield><datafield ind1=" " ind2=" " tag="040"><subfield code="a">MHN</subfield><subfield code="b">eng</subfield><subfield code="c">MHN</subfield><subfield code="d">OCL</subfield><subfield code="d">OCLCQ</subfield><subfield code="d">OCLCF</subfield><subfield code="d">OCLCO</subfield></datafield><datafield ind1="1" ind2=" " tag="029"><subfield code="a">AU@</subfield><subfield code="b">000012911132</subfield></datafield><datafield ind1=" " ind2=" " tag="042"><subfield code="a">pcc</subfield></datafield><datafield ind1=" " ind2=" " tag="043"><subfield code="a">n-us-mi</subfield></datafield><datafield ind1="0" ind2="0" tag="245"><subfield code="a">Manton tribune.</subfield></datafield><datafield ind1=" " ind2=" " tag="260"><subfield code="a">Manton, Mich. :</subfield><subfield code="b">Charles E. Cooper</subfield></datafield><datafield ind1=" " ind2=" " tag="300"><subfield code="a">v.</subfield></datafield><datafield ind1=" " ind2=" " tag="310"><subfield code="a">Weekly</subfield></datafield><datafield ind1=" " ind2=" " tag="515"><subfield code="a">Numbering irregular.</subfield></datafield><datafield ind1=" " ind2=" " tag="515"><subfield code="a">Issues also called: &lt;Vol. 20, no. 42 (June 17, 1898)&gt;.</subfield></datafield><datafield ind1=" " ind2=" " tag="580"><subfield code="a">Continued by: Manton weekly tribune?</subfield></datafield><datafield ind1=" " ind2=" " tag="588"><subfield code="a">Description based on: Vol. 3, no. 18 (Jan. 13, 1880).</subfield></datafield><datafield ind1=" " ind2="0" tag="651"><subfield code="a">Manton (Mich.)</subfield><subfield code="v">Newspapers.</subfield></datafield><datafield ind1=" " ind2="0" tag="651"><subfield code="a">Wexford County (Mich.)</subfield><subfield code="v">Newspapers.</subfield></datafield><datafield ind1=" " ind2="7" tag="655"><subfield code="a">Newspapers.</subfield><subfield code="2">fast</subfield><subfield code="0">(OCoLC)fst01423814</subfield></datafield><datafield ind1=" " ind2="7" tag="651"><subfield code="a">Michigan</subfield><subfield code="z">Manton.</subfield><subfield code="2">fast</subfield><subfield code="0">(OCoLC)fst01259250</subfield></datafield><datafield ind1=" " ind2="7" tag="651"><subfield code="a">Michigan</subfield><subfield code="z">Wexford County.</subfield><subfield code="2">fast</subfield><subfield code="0">(OCoLC)fst01214776</subfield></datafield><datafield ind1=" " ind2=" " tag="752"><subfield code="a">United States</subfield><subfield code="b">Michigan</subfield><subfield code="c">Wexford</subfield><subfield code="d">Manton.</subfield></datafield><datafield ind1="1" ind2="0" tag="785"><subfield code="t">Manton weekly tribune</subfield><subfield code="w">(DLC)sn 96077224</subfield><subfield code="w">(OCoLC)35834198</subfield></datafield></record>